%% This BibTeX bibliography file was created using BibDesk.
%% http://www.cs.ucsd.edu/~mmccrack/bibdesk.html

 @article{original,
  title={On the mode of communication of cholera},
  author={Snow, John},
  journal={The Challenge of Epidemiology: Issues and Selected Readings. Washington, DC: World Health Organization},
  pages={42--45},
  year={1988}
}

@online{tedtalk,
    author    = "Steven Johnson",
    title     = "How the ghost map helped end a killer disease",
    howpublished   = "\url{http://www.ted.com/talks/steven_johnson_tours_the_ghost_map}",   year = {2006},
    note = "[Online; accessed 22-August-2015]"
}

@online{blog,
    author    = "Katie Peek",
    title     = "John Snow's Maps of the Broad Street Cholera Outbreak: An early example of data visualization's power",
    howpublished   = "\url{http://scienceline.org/2010/05/john-snows-maps-of-the-broad-street-cholera-outbreak/#en2}",
    year = {2010},
    note = "[Online; accessed 22-August-2015]"
}

@online{test,
    author    = "Michael Friendly, Daniel J.",
    title     = "A Quick Illustrated History of Visualisation",
    howpublished   = "\url{http://data-art.net/resources/history_of_vis.php}",
    year = {2008},
    note = "[Online; accessed 22-August-2015]"
}

@online{history,
    author    = "Michael Goldberg",
    title     = "7 Great Visualizations from History",
    howpublished   = "\url{http://data-informed.com/7-great-visualizations-history/}",
    year = {2014},
    note = "[Online; accessed 22-August-2015]"
}

% ACTUAL CITATIONS

@article{howe1970some,
  title={Some recent developments in disease mapping},
  author={Howe, G Melvyn},
  journal={The Journal of the Royal Society for the Promotion of Health},
  volume={90},
  number={1},
  pages={16--20},
  year={1970},
  publisher={SAGE Publications}
}

@online{youtube,
    author    = "Mike Jay",
    title     = "John Snow and the cholera outbreak of 1854 with Mike Jay, Medical London",
    howpublished   = "\url{https://www.youtube.com/watch?v=Pq32LB8j2K8}",
    year = {2008},
    note = "[Online; accessed 22-August-2015]"
}

@online{channel1,
    author    = "Gary Kurlancheek",
    title     = "Ch 1: Dr Snow's Cholera Dot Map of London",
    howpublished   = "\url{https://www.youtube.com/watch?v=753XHXPLrn4}",
    year = {2013},
    note = "[Online; accessed 22-August-2015]"
}


@online{heros,
    author    = "Alberto Cairo",
    title     = "Heroes of Visualization: John Snow, H.w. Acland, and the Mythmaking Problem",
    howpublished   = "\url{http://www.peachpit.com/articles/article.aspx?p=2048358}",
    year = {2013},
    note = "[Online; accessed 22-August-2015]"
}

@online{top5,
    author    = "Jen Bachand",
    title     = "What are the Top 5 Visualizations of All Time?",
    howpublished   = "\url{http://www.tableau.com/about/blog/2012/11/top-5-visualizations-all-time-19810}",
    year = {2012},
    note = "[Online; accessed 22-August-2015]"
}

@book{johnson,
  title={The ghost map: the story of London's most terrifying epidemic--and how it changed science, cities, and the modern world},
  author={Johnson, Steven},
  year={2006},
  publisher={Penguin}
}

@online{ucla,
    author    = "Kathleen Tuthill",
    title     = "John Snow and the Broad Street Pump on the trail of an epidemic",
    howpublished   = "\url{http://www.ph.ucla.edu/epi/snow/snowcricketarticle.html}",
    year = {2003},
    note = "[Online; accessed 22-August-2015]"
}

@online{udel,
    author    = "John Mackenzie",
    title     = "The 1854 London cholera epidemic",
    howpublished   = "\url{https://www.udel.edu/johnmack/frec682/cholera}",
    year = {2000},
    note = "[Online; accessed 22-August-2015]"
}

@online{udel2,
    author    = "John Mackenzie",
    title     = "GIS Analyses of Snow's Map",
    howpublished   = "\url{https://www.udel.edu/johnmack/frec682/cholera/cholera2.html}",
    year = {2000},
    note = "[Online; accessed 22-August-2015]"
}

@online{ralph,
    author    = "Ralph R. Frerichs",
    title     = "Mapping the 1854 Broad Street Pump Outbreak",
    howpublished   = "\url{http://www.ph.ucla.edu/epi/snow/mapsbroadstreet.html}",
    year = {2000},
    note = "[Online; accessed 22-August-2015]"
}

@article{recent,
  title={Visualization and analytics tools for infectious disease epidemiology: A systematic review},
  author={Carroll, Lauren N and Au, Alan P and Detwiler, Landon Todd and Fu, Tsung-chieh and Painter, Ian S and Abernethy, Neil F},
  journal={Journal of biomedical informatics},
  volume={51},
  pages={287--298},
  year={2014},
  publisher={Elsevier}
}


@online{viz,
    author    = "Tableau",
    title     = "Vaccine-Preventable Outbreaks",
    howpublished   = "\url{http://www.cfr.org/interactives/GH_Vaccine_Map/#map}",
    year = {2015},
    note = "[Online; accessed 22-August-2015]"
}


@online{heatmap,
    author    = "JP",
    title     = "KDE: 1854 London Cholera Outbreak",
    howpublished   = "\url{http://fleshandbones1.blogspot.co.nz/2013/05/kde-1854-london-cholera-outbreak.html}",
    year = {2013},
    note = "[Online; accessed 22-August-2015]"
}

@online{advanced,
    author    = "Don Boyes",
    title     = "John Snow and serendipity",
    howpublished   = "\url{http://donboyes.com/2011/10/14/john-snow-and-serendipity/}",
    year = {2011},
    note = "[Online; accessed 22-August-2015]"
}

http://donboyes.com/2011/10/14/john-snow-and-serendipity/

% IMAGES:
% http://johnsnow.matrix.msu.edu/book_images12.php

% Snow on Cholera, New York: The Commonwealth Fund: Oxford University Press, 1936.

% On the Mode of Communication of Cholera, 8 volumes, London, 1849; 2nd ed. 1855.